<record><leader>00000cas a22000007a 4500</leader><controlfield tag="001">18212328</controlfield><controlfield tag="008">880714d195u19uupauwr ne      0    0eng d</controlfield><datafield ind1=" " ind2=" " tag="010"><subfield code="a">sn 88080825 </subfield></datafield><datafield ind1=" " ind2=" " tag="040"><subfield code="a">NPH</subfield><subfield code="b">eng</subfield><subfield code="c">NPH</subfield><subfield code="d">OCLCQ</subfield></datafield><datafield ind1=" " ind2=" " tag="042"><subfield code="a">msc</subfield></datafield><datafield ind1="0" ind2="4" tag="245"><subfield code="a">The Cloverleaf bulletin.</subfield></datafield><datafield ind1="1" ind2="3" tag="246"><subfield code="a">Bulletin</subfield></datafield><datafield ind1=" " ind2=" " tag="260"><subfield code="a">Pleasant Hills, Pa. :</subfield><subfield code="b">[s.n.]</subfield></datafield><datafield ind1=" " ind2=" " tag="300"><subfield code="a">v. :</subfield><subfield code="b">ill. ;</subfield><subfield code="c">57 cm.</subfield></datafield><datafield ind1=" " ind2=" " tag="310"><subfield code="a">Weekly</subfield></datafield><datafield ind1=" " ind2=" " tag="500"><subfield code="a">"Serving Pleasant Hills, Jefferson, Broughton, Leland Park, Gill Hall, Curry and West Mifflin."</subfield></datafield><datafield ind1=" " ind2=" " tag="500"><subfield code="a">Published in Clairton, Pa., &lt;July 22, 1964-&gt;.</subfield></datafield><datafield ind1=" " ind2=" " tag="500"><subfield code="a">Publishers: Angelo DiBernardo, &lt;1962&gt;; Fifty-one Pub. Co., &lt;July 22, 1964&gt;; Greater Pub. Inc., &lt;1967&gt;; Spenley Newspapers, Inc., &lt;1968&gt;.</subfield></datafield><datafield ind1=" " ind2=" " tag="588"><subfield code="a">Description based on: Vol. 2, no. 41 (Aug. 8, 1957).</subfield></datafield><datafield ind1=" " ind2=" " tag="752"><subfield code="a">United States</subfield><subfield code="b">Pennsylvania</subfield><subfield code="c">Allegheny</subfield><subfield code="d">Pleasant Hills.</subfield></datafield><datafield ind1=" " ind2=" " tag="752"><subfield code="a">United States</subfield><subfield code="b">Pennsylvania</subfield><subfield code="c">Allegheny</subfield><subfield code="d">Clairton.</subfield></datafield></record>